@book{Taha2004,
author = {Taha, H. A.},
title = {{Investigacion de Operaciones}},
year = {2004}
}
@book{Rios-InsuaS.MateosA.BielzaM.C.yJimenez2004,
author = {{Rios-Insua, S., Mateos, A., Bielza, M. C. y Jimenez}, A.},
title = {{Investigacion Operativa. Modelos determinisitcos y estocasticos}},
year = {2004}
}
@book{Luenberger2005,
author = {Luenberger, D.},
title = {{Linear and nonlinear programming}},
year = {2005}
}
@book{GobernaM.A.JornetV.Puente2004,
author = {{Goberna, M.A., Jornet, V., Puente}, R.},
title = {{Optimizacion lineal. Teoria, metodos y modelos}},
year = {2004}
}
